<collection xmlns="http://www.loc.gov/MARC21/slim">
<record>
  <leader>00965nam0a22001931i 450 </leader>
  <controlfield tag="001">IT\ICCU\CNCE\059171</controlfield>
  <controlfield tag="005">20150527000000.0</controlfield>
  <datafield tag="100" ind1=" " ind2=" ">
    <subfield code="a">20040922f1587        0itac0103    ba</subfield>
  </datafield>
  <datafield tag="101" ind1=" " ind2=" ">
    <subfield code="a">ITA</subfield>
  </datafield>
  <datafield tag="102" ind1=" " ind2=" ">
    <subfield code="a">IT</subfield>
  </datafield>
  <datafield tag="200" ind1="1" ind2=" ">
    <subfield code="a">Carlo Emanuel per gratia di Dio duca di Sauoia, prencipe di Piemonte etc</subfield>
  </datafield>
  <datafield tag="210" ind1=" " ind2=" ">
    <subfield code="d">\1587?!</subfield>
    <subfield code="e">Stampat&apos;in Vercelli</subfield>
    <subfield code="g">presso Gio. Francesco Pellipari et Francesco Bonati</subfield>
  </datafield>
  <datafield tag="215" ind1=" " ind2=" ">
    <subfield code="a">1 manifesto</subfield>
    <subfield code="d">atl</subfield>
  </datafield>
  <datafield tag="300" ind1=" " ind2=" ">
    <subfield code="a">Data di emanazione: Vercelli, 29 gennaio 1587. - Incipit del testo: Hauemdo noi dellegata la sindicatura del Chiauaro di Vercelli, Gio. Francesco Clerico, al magnifico consigliere, senatore capitano nostro general di giustitia, m. Nicol ̣Ponte delli signori di Lombriasco ...</subfield>
  </datafield>
  <datafield tag="620" ind1=" " ind2=" ">
    <subfield code="a">IT</subfield>
    <subfield code="d">Vercelli</subfield>
  </datafield>
  <datafield tag="710" ind1="0" ind2="2">
    <subfield code="a">Savoia</subfield>
    <subfield code="c"> &lt;Ducato&gt;</subfield>
    <subfield code="3">8866</subfield>
  </datafield>
  <datafield tag="702" ind1=" " ind2="0">
    <subfield code="a">Carlo Emanuele</subfield>
    <subfield code="c"> &lt;duca di Savoia</subfield>
    <subfield code="c"> ; 1.&gt;</subfield>
    <subfield code="3">IT\ICCU\CNCA\024156</subfield>
  </datafield>
  <datafield tag="712" ind1="0" ind2="0">
    <subfield code="a">Pellipari, Giovanni Francesco &amp; Bonati, Francesco</subfield>
    <subfield code="3">IT\ICCU\CNCT\002697</subfield>
    <subfield code="4">650</subfield>
  </datafield>
  <datafield tag="801" ind1=" " ind2="3">
    <subfield code="a">IT</subfield>
    <subfield code="b">ICCU</subfield>
    <subfield code="c">20201115</subfield>
  </datafield>
</record>
</collection>
